Record 1
LDR  01296nam  2200337 a 45  
001  07-ARY-2526
005  20000705094917.0
008  930816s1994    fr       bw   001 0 eng  
010       $a    93030240
035       $a (OCoLC)28721288
040       $a DLC $c DLC $d GUL $d FCI $d CLU
020       $a 9284201616 (ICC)
020       $a 9065446702 (Kluwer)
041  0    $a engfre
050  00   $a K2400.A495 $b C65 1993
082  00   $a 341.5/22 $2 20
049       $a CLUM
245  00   $a Collection of ICC arbitral awards, 1986-1990 = $b Recueil des sentences arbitrales de la CCI / $c [compiled by] Sigvard Jarvin, Yves Derains, Jean-Jacques Arnaldez.
260       $a Paris ; $a New York : $b ICC Pub. ; $a Deventer ; $a Boston : $b Kluwer Law and Taxation Publishers, $c c1994.
300       $a cxi, 578 p. ; $c 25 cm.
490  1    $a ICC publication ; $v 514
500       $a UCLA: 901 $C IS NOT 'LAD' - REJECT (05/02).
504       $a Includes bibliographical references and indexes.
650   0   $a Arbitration and award, International $x Cases.
700  1    $a Jarvin, Sigvard.
700  1    $a Derains, Yves.
700  1    $a Arnaldez, Jean-Jacques.
710  2    $a International Chamber of Commerce.
740  01   $a Recueil des sentences arbitrales de la CCI.
830   0   $a ICC publication ; $v no 514.
852       $a LAD $b LAWSTAX $h K2400.A495 $i C65 1990 $3 Library has: v.1-3.

Record 2
