LDR  01023njm  2200313Ia 45  
001  01-AAA-0343
005  20020208215951.0
007  sduzsnznnmlned
008  941227s1985    mx fmn   di         spa  
010       $a    94771291 /R
020       $a 9684991673
035       $a (OCoLC)31745295
040       $a DLC $c LCD $d CLU
043       $a n-mx---
050  00   $a Corason MTCD101/3<Rec Sound>
245  00   $a Antologâia del son de Mâexico $h [sound recording] = $b Anthology of Mexican sones.
260       $a [Mexico] : $b Corason, $c p1985.
300       $a 3 sound discs : $b digital ; $c 4 3/4 in. + $e 1 booklet (34 p. : ill. ; 28 cm.)
500       $a Corason: COCD101--COCD103.
500       $a "Musica tradicional"--Container.
500       $a UCLA: NO 901 FIELD: REJECT RECORD (05/02).
511  0    $a Various performers.
650   0   $a Folk music $z Mexico.
650   0   $a Sones $z Mexico.
700  1    $a Lieberman, Baruj.
700  1    $a Llerenas, Eduardo.
700  1    $a Ramâirez de Arellano, Enrique.
740  01   $a Anthology of Mexican sones.
852       $a LAD $b ETHSTAX

Record 5
